<?xml version="1.0" encoding="UTF-8"?><record xmlns="http://www.loc.gov/MARC21/slim" xmlns:cinclude="http://apache.org/cocoon/include/1.0" xmlns:zs="http://www.loc.gov/zing/srw/">
  <leader>00575cz  a2200145n  4500</leader>
  <controlfield tag="001">n  87941884 </controlfield>
  <controlfield tag="003">DLC</controlfield>
  <controlfield tag="005">20120802082052.0</controlfield>
  <controlfield tag="008">871204n| acannaab           |n aaa      </controlfield>
  <datafield tag="010" ind1=" " ind2=" ">
    <subfield code="a">n  87941884 </subfield>
  </datafield>
  <datafield tag="040" ind1=" " ind2=" ">
    <subfield code="a">DLC</subfield>
    <subfield code="b">eng</subfield>
    <subfield code="c">DLC</subfield>
    <subfield code="d">DLC</subfield>
  </datafield>
  <datafield tag="100" ind1="1" ind2=" ">
    <subfield code="a">Gabriel, Peter,</subfield>
    <subfield code="c">LL. B.</subfield>
  </datafield>
  <datafield tag="667" ind1=" " ind2=" ">
    <subfield code="a">THIS 1XX FIELD CANNOT BE USED UNDER RDA UNTIL THIS RECORD HAS BEEN REVIEWED AND/OR UPDATED</subfield>
  </datafield>
  <datafield tag="670" ind1=" " ind2=" ">
    <subfield code="a">His Legal aspects of syndicated loans, 1986:</subfield>
    <subfield code="b">t.p. (Peter Gabriel; LLB (Hons.) (Singapore), LLM (Aust.); advocate and solicitor, Supreme Court of Singapore)</subfield>
  </datafield>
  <datafield tag="675" ind1=" " ind2=" ">
    <subfield code="a">WW, 1987; Law list, 1975.</subfield>
  </datafield>
</record>